@article{mokhov2018build,
  title={Build systems {\`a} la carte},
  author={Mokhov, Andrey and Mitchell, Neil and Peyton Jones, Simon},
  journal={Proceedings of the ACM on Programming Languages},
  volume={2},
  number={ICFP},
  pages={1--29},
  year={2018},
  publisher={ACM New York, NY, USA}
}
@article{mokhov2020build,
  title={Build systems {\`a} la carte: Theory and practice},
  author={Mokhov, Andrey and Mitchell, Neil and Jones, Simon Peyton},
  journal={Journal of Functional Programming},
  volume={30},
  year={2020},
  publisher={Cambridge University Press}
}

@article{biernacki2017handle,
  title={Handle with care: relational interpretation of algebraic effects and handlers},
  author={Biernacki, Dariusz and Pir{\'o}g, Maciej and Polesiuk, Piotr and Sieczkowski, Filip},
  journal={Proceedings of the ACM on Programming Languages},
  volume={2},
  number={POPL},
  pages={1--30},
  year={2017},
  publisher={ACM New York, NY, USA}
}
@article{biernacki2019abstracting,
  title={Abstracting algebraic effects},
  author={Biernacki, Dariusz and Pir{\'o}g, Maciej and Polesiuk, Piotr and Sieczkowski, Filip},
  journal={Proceedings of the ACM on Programming Languages},
  volume={3},
  number={POPL},
  pages={1--28},
  year={2019},
  publisher={ACM New York, NY, USA}
}
@article{biernacki2019binders,
  title={Binders by day, labels by night: effect instances via lexically scoped handlers},
  author={Biernacki, Dariusz and Pir{\'o}g, Maciej and Polesiuk, Piotr and Sieczkowski, Filip},
  journal={Proceedings of the ACM on Programming Languages},
  volume={4},
  number={POPL},
  pages={1--29},
  year={2019},
  publisher={ACM New York, NY, USA}
}

@article{pretnar2015introduction,
  title={An introduction to algebraic effects and handlers. invited tutorial paper},
  author={Pretnar, Matija},
  journal={Electronic notes in theoretical computer science},
  volume={319},
  pages={19--35},
  year={2015},
  publisher={Elsevier}
}

@misc{bauer2018algebraic,
    title={What is algebraic about algebraic effects and handlers?},
    author={Andrej Bauer},
    year={2018},
    eprint={1807.05923},
    archivePrefix={arXiv},
    primaryClass={cs.LO}
}


@article{plotkin2001semantics,
  title={Semantics for algebraic operations},
  author={Plotkin, Gordon and Power, John},
  journal={Electronic Notes in Theoretical Computer Science},
  volume={45},
  pages={332--345},
  year={2001},
  publisher={Elsevier}
}

@article{plotkin2002computational,
  title={Computational effects and operations: An overview},
  author={Plotkin, Gordon and Power, John},
  year={2002}
}

@article{plotkin2013handling,
  title={Handling algebraic effects},
  author={Plotkin, Gordon D and Pretnar, Matija},
  journal={arXiv preprint arXiv:1312.1399},
  year={2013}
}

